
@article{berners2001semantic,
  title={The semantic web},
  author={Berners-Lee, Tim and Hendler, James and Lassila, Ora and others},
  journal={Scientific american},
  volume={284},
  number={5},
  pages={28--37},
  year={2001},
  publisher={New York, NY, USA:}
}
@article{bizer2009linked,
  title={Linked data-the story so far},
  author={Bizer, Christian and Heath, Tom and Berners-Lee, Tim},
  journal={Semantic Services, Interoperability and Web Applications: Emerging Concepts},
  pages={205--227},
  year={2009}
}
@incollection{auer2007dbpedia,
  title={Dbpedia: A nucleus for a web of open data},
  author={Auer, S{\"o}ren and Bizer, Christian and Kobilarov, Georgi and Lehmann, Jens and Cyganiak, Richard and Ives, Zachary},
  booktitle={The semantic web},
  pages={722--735},
  year={2007},
  publisher={Springer}
}
@inproceedings{klimek2015use,
  title={Use cases for linked data visualization model},
  author={Kl{\'\i}mek, Jakub and Helmich, Jir{\'\i} and Necask{\`y}, Martin},
  booktitle={Workshop on Linked Data on the Web,(LDOW)},
  year={2015}
}
@inproceedings{brunetti2013formal,
  title={Formal linked data visualization model},
  author={Brunetti, Josep Maria and Auer, S{\"o}ren and Garc{\'\i}a, Roberto and Kl{\'\i}mek, Jakub and Ne{\v{c}}ask{\`y}, Martin},
  booktitle={Proceedings of International Conference on Information Integration and Web-based Applications \& Services},
  pages={309},
  year={2013},
  organization={ACM}
}
@article{pena2015linked,
  title={Linked open data visualization revisited: a survey},
  author={Pe{\~n}a, Oscar and Aguilera, Unai and L{\'o}pez-de Ipina, Diego},
  journal={Under Review at Semant. Web J},
  year={2015},
  publisher={Citeseer}
}
@article{horridge2004practical,
  title={A Practical Guide To Building OWL Ontologies Using The Prot{\'e}g{\'e}-OWL Plugin and CO-ODE Tools Edition 1.0},
  author={Horridge, Matthew and Knublauch, Holger and Rector, Alan and Stevens, Robert and Wroe, Chris},
  journal={University of Manchester},
  year={2004}
}
@inproceedings{skjaeveland2012sgvizler,
  title={Sgvizler: A javascript wrapper for easy visualization of sparql result sets},
  author={Skj{\ae}veland, Martin G},
  booktitle={Extended Semantic Web Conference},
  pages={361--365},
  year={2012},
  organization={Springer}
}